<?xml version="1.0" encoding="UTF-8"?><record xmlns="http://www.loc.gov/MARC21/slim" xmlns:cinclude="http://apache.org/cocoon/include/1.0" xmlns:zs="http://www.loc.gov/zing/srw/">
  <leader>00375nz  a2200121n  4500</leader>
  <controlfield tag="001">n  89647785 </controlfield>
  <controlfield tag="003">DLC</controlfield>
  <controlfield tag="005">19890825131341.3</controlfield>
  <controlfield tag="008">890825n| acannaab|          |n aad |||  </controlfield>
  <datafield tag="010" ind1=" " ind2=" ">
    <subfield code="a">n  89647785 </subfield>
  </datafield>
  <datafield tag="040" ind1=" " ind2=" ">
    <subfield code="a">DLC</subfield>
    <subfield code="c">DLC</subfield>
  </datafield>
  <datafield tag="100" ind1="1" ind2="0">
    <subfield code="a">Leikam, Dale F.</subfield>
  </datafield>
  <datafield tag="670" ind1=" " ind2=" ">
    <subfield code="a">nuc89-79222: His Evaluations of simultaneous knifed N ... 1980</subfield>
    <subfield code="b">(hdg. on KMK rept.: Leikam, Dale F.; usage: Dale F. Leikam)</subfield>
  </datafield>
</record>